{"response":{"numFound":35,"start":0,"docs":[{"label_bibtex":"@article{aordonez:hal-00928857,\n  TITLE = {{Contribution {\\`a} l'{\\'e}tude du fromage '' Roncal ''}},\n  AUTHOR = {A. ORDONEZ, J. and A. MASSO, J. and P. MARMOL, M. and Ramos, M.},\n  URL = {https://hal.archives-ouvertes.fr/hal-00928857},\n  JOURNAL = {{Le Lait}},\n  PUBLISHER = {{INRA Editions}},\n  VOLUME = {60},\n  NUMBER = {595\\_596},\n  PAGES = {283-294},\n  YEAR = {1980},\n  PDF = {https://hal.archives-ouvertes.fr/hal-00928857/file/hal-00928857.pdf},\n  HAL_ID = {hal-00928857},\n  HAL_VERSION = {v1},\n}\n"},{"label_bibtex":"@article{bernardi:hal-00020624,\n  TITLE = {{A model for two coupled turbulent fluids}},\n  AUTHOR = {Bernardi, Christine and Gomez Marmol, M. and Chacon-Rebollo, Tomas and Lewandowski, R. and Murat, Fran{\\c c}ois},\n  URL = {https://hal.archives-ouvertes.fr/hal-00020624},\n  JOURNAL = {{Numer. Math. 98}},\n  VOLUME = {1},\n  PAGES = {33-66},\n  YEAR = {2004},\n  HAL_ID = {hal-00020624},\n  HAL_VERSION = {v1},\n}\n"},{"label_bibtex":"@inproceedings{gomezmarmol:hal-01438353,\n  TITLE = {{I Don't Trust ICT: Research Challenges in Cyber Security}},\n  AUTHOR = {G{\\'o}mez M{\\'a}rmol, F{\\'e}lix and Gil P{\\'e}rez, Manuel and Mart{\\'i}nez P{\\'e}rez, Gregorio},\n  URL = {https://hal.inria.fr/hal-01438353},\n  NOTE = {Part 3: Short Papers},\n  BOOKTITLE = {{10th IFIP International Conference on Trust Management (TM)}},\n  ADDRESS = {Darmstadt, Germany},\n  EDITOR = {Sheikh Mahbub Habib and Julita Vassileva and Sjouke Mauw and Max M{\\\"u}hlh{\\\"a}user},\n  SERIES = {Trust Management X},\n  VOLUME = {AICT-473},\n  PAGES = {129-136},\n  YEAR = {2016},\n  MONTH = Jul,\n  DOI = {10.1007/978-3-319-41354-9\\_9},\n  KEYWORDS = {Trustworthy ICT ; Cyber security ; Research challenges},\n  PDF = {https://hal.inria.fr/hal-01438353/file/428098_1_En_9_Chapter.pdf},\n  HAL_ID = {hal-01438353},\n  HAL_VERSION = {v1},\n}\n"},{"label_bibtex":"@article{nowicki:in2p3-00008439,\n  TITLE = {{Collective modes associated with the proton-induced fission of $^{209}$Bi}},\n  AUTHOR = {Nowicki, L. and Berlanger, M. and Borderie, B. and Cabot, C. and Del Marmol, P. and El Masri, Y. and Gregoire, C. and Hannappe, F. and Ngo, C. and Tamain, B.},\n  URL = {http://hal.in2p3.fr/in2p3-00008439},\n  JOURNAL = {{Physical Review C}},\n  PUBLISHER = {{American Physical Society}},\n  VOLUME = {26},\n  PAGES = {1114-1122},\n  YEAR = {1982},\n  HAL_ID = {in2p3-00008439},\n  HAL_VERSION = {v1},\n}\n"},{"label_bibtex":"@techreport{eisenbeis:inria-00073353,\n  TITLE = {{Circular-arc Graph Coloring and Unrolling}},\n  AUTHOR = {Eisenbeis, Christine and Lelait, Sylvain and Marmol, Bruno P},\n  URL = {https://hal.inria.fr/inria-00073353},\n  NUMBER = {RR-3336},\n  INSTITUTION = {{INRIA}},\n  YEAR = {1998},\n  MONTH = Jan,\n  KEYWORDS = {CIRCULAR-ARC GRAPH ; ACYCLIC COLORING ; CYCLIC COLORING ; LOOP UNROLLING ; REGISTER ALLOCATION},\n  PDF = {https://hal.inria.fr/inria-00073353/file/RR-3336.pdf},\n  HAL_ID = {inria-00073353},\n  HAL_VERSION = {v1},\n}\n"},{"label_bibtex":"@techreport{eisenbeis:inria-00073934,\n  TITLE = {{The Meeting Graph : a New Framework for Loop Register Allocation}},\n  AUTHOR = {Eisenbeis, Christine and Lelait, Sylvain and Marmol, Bruno P},\n  URL = {https://hal.inria.fr/inria-00073934},\n  NOTE = {Projet CHARME},\n  TYPE = {Research Report},\n  NUMBER = {RR-2758},\n  INSTITUTION = {{INRIA}},\n  YEAR = {1995},\n  KEYWORDS = {GRAPH COLORING ; GRAPH DECOMPOSITION ; INSTRUCTION-LEVEL PARALLELISM ; REGISTER ALLOCATION ; LOOP OPTIMIZATION},\n  PDF = {https://hal.inria.fr/inria-00073934/file/RR-2758.pdf},\n  HAL_ID = {inria-00073934},\n  HAL_VERSION = {v1},\n}\n"},{"label_bibtex":"@incollection{gutierrezgarciamoreno:hal-01727954,\n  TITLE = {{La utilizaci{\\'o}n del m{\\'a}rmol de Estremoz en la escultura hisp{\\'a}nica de la Antig{\\\"u}edad tard{\\'i}a : los sarc{\\'o}fagos}},\n  AUTHOR = {Guti{\\'e}rrez Garcia-Moreno, Anna and Vidal {\\'A}lvarez, S. and Garc{\\'i}a-Entero, V.},\n  URL = {https://hal.archives-ouvertes.fr/hal-01727954},\n  BOOKTITLE = {{Actas del XI Congreso Ib{\\'e}rico de Arqueometr{\\'i}a ({\\'E}vora, Portugal).}},\n  YEAR = {2016},\n  KEYWORDS = {marbre ;  sarcophage},\n  HAL_ID = {hal-01727954},\n  HAL_VERSION = {v1},\n}\n"},{"label_bibtex":"@incollection{gutierrezgarciamoreno:hal-01727975,\n  TITLE = {{El m{\\'a}rmol de Luni-Carrara en la fachada Mediterr{\\'a}nea de Hispania}},\n  AUTHOR = {Guti{\\'e}rrez Garcia-Moreno, Anna and Rod{\\`a}, Isabel},\n  URL = {https://hal.archives-ouvertes.fr/hal-01727975},\n  BOOKTITLE = {{Rome, Portus and the Mediterranean}},\n  EDITOR = {Keay, Simon},\n  PUBLISHER = {{British school at Rome}},\n  SERIES = {Archaeological monographs of the British School at Rome},\n  NUMBER = {21},\n  PAGES = {293--312},\n  YEAR = {2012},\n  KEYWORDS = {ports -- Italie -- Rome ;  Portus (ville ancienne)},\n  HAL_ID = {hal-01727975},\n  HAL_VERSION = {v1},\n}\n"},{"label_bibtex":"@inproceedings{gilperez:hal-01587832,\n  TITLE = {{Mobility in Collaborative Alert Systems: Building Trust through Reputation}},\n  AUTHOR = {Gil P{\\'e}rez, Manuel and G{\\'o}mez M{\\'a}rmol, F{\\'e}lix and Mart{\\'i}nez P{\\'e}rez, Gregorio and G{\\'o}mez Skarmeta, Antonio F.},\n  URL = {https://hal.inria.fr/hal-01587832},\n  NOTE = {Part 3: - WCNS 2011 Workshop},\n  BOOKTITLE = {{International IFIP TC 6 Workshops PE-CRN, NC-Pro, WCNS, and SUNSET 2011 Held at NETWORKING 2011 (NETWORKING)}},\n  ADDRESS = {Valencia, Spain},\n  EDITOR = {Vicente Casares-Giner and Pietro Manzoni and Ana Pont},\n  PUBLISHER = {{Springer}},\n  SERIES = {NETWORKING 2011 Workshops},\n  VOLUME = {LNCS-6827},\n  PAGES = {251-262},\n  YEAR = {2011},\n  MONTH = May,\n  DOI = {10.1007/978-3-642-23041-7\\_24},\n  KEYWORDS = {Alert Systems ; Mobility ; Collaboration ; Trust ; Reputation},\n  PDF = {https://hal.inria.fr/hal-01587832/file/978-3-642-23041-7_24_Chapter.pdf},\n  HAL_ID = {hal-01587832},\n  HAL_VERSION = {v1},\n}\n"},{"label_bibtex":"@inproceedings{ion:hal-00419826,\n  TITLE = {{3D Shape Matching by Geodesic Eccentricity}},\n  AUTHOR = {Ion, Adrian and Artner, Nicole M. and Peyr{\\'e}, Gabriel and Marmol, Salvador B. Lopez and Kropatsch, Walter G. and Cohen, Laurent D.},\n  URL = {https://hal.archives-ouvertes.fr/hal-00419826},\n  BOOKTITLE = {{Search in 3D 2008}},\n  ADDRESS = {Anchorage, Alaska, United States},\n  PUBLISHER = {{IEEE}},\n  PAGES = {1-8},\n  YEAR = {2008},\n  MONTH = Jun,\n  DOI = {10.1109/CVPRW.2008.4563032},\n  KEYWORDS = {Shape matching ; eccentricity ; geodesic ; Fast Marching},\n  PDF = {https://hal.archives-ouvertes.fr/hal-00419826/file/08-S3D-ShapeMatching.pdf},\n  HAL_ID = {hal-00419826},\n  HAL_VERSION = {v1},\n}\n"},{"label_bibtex":"@techreport{bernardi:hal-00684976,\n  TITLE = {{Error analysis of a subgrid eddy viscosity multi-scale discretization of the Navier-Stokes equations}},\n  AUTHOR = {Bernardi, Christine and Chacon-Rebollo, Tomas and G{\\'o}mez Marmol, Macarena},\n  URL = {https://hal.archives-ouvertes.fr/hal-00684976},\n  YEAR = {2012},\n  MONTH = Apr,\n  PDF = {https://hal.archives-ouvertes.fr/hal-00684976/file/R12027.pdf},\n  HAL_ID = {hal-00684976},\n  HAL_VERSION = {v1},\n}\n"},{"label_bibtex":"@article{nowicki:in2p3-00016996,\n  TITLE = {{Study of collective modes asociated to the proton induced fission of $^{209}$Bi}},\n  AUTHOR = {Nowicki, L. and Berlanger, M. and Borderie, B. and Cabot, C. and Del Marmol, P. and El Masri, Y. and Gregoire, C. and Hanappe, F. and Ngo, C. and Tamain, B.},\n  URL = {http://hal.in2p3.fr/in2p3-00016996},\n  JOURNAL = {{Physical Review C}},\n  PUBLISHER = {{American Physical Society}},\n  VOLUME = {26},\n  PAGES = {1114-},\n  YEAR = {1982},\n  HAL_ID = {in2p3-00016996},\n  HAL_VERSION = {v1},\n}\n"},{"label_bibtex":"@unpublished{bennis:hal-00121202,\n  TITLE = {{Stability of some turbulent vertical models for the ocean mixing boundary layer}},\n  AUTHOR = {Bennis, Anne-Claire and Chacon-Rebollo, Tomas and Gomez Marmol, Macarena and Lewandowski, Roger},\n  URL = {https://hal.archives-ouvertes.fr/hal-00121202},\n  NOTE = {working paper or preprint},\n  HAL_LOCAL_REFERENCE = {2006-51},\n  YEAR = {2006},\n  MONTH = Dec,\n  KEYWORDS = {oceanography ; turbulence models ; stability : partial differential equations},\n  PDF = {https://hal.archives-ouvertes.fr/hal-00121202/file/Note.pdf},\n  HAL_ID = {hal-00121202},\n  HAL_VERSION = {v2},\n}\n"},{"label_bibtex":"@unpublished{bennis:hal-00121202,\n  TITLE = {{Stability of some turbulent vertical models for the ocean mixing boundary layer}},\n  AUTHOR = {Bennis, Anne-Claire and Chacon-Rebollo, Tomas and Gomez Marmol, Macarena and Lewandowski, Roger},\n  URL = {https://hal.archives-ouvertes.fr/hal-00121202},\n  NOTE = {working paper or preprint},\n  HAL_LOCAL_REFERENCE = {2006-51},\n  YEAR = {2006},\n  MONTH = Dec,\n  KEYWORDS = {oceanography ; turbulence models ; stability : partial differential equations},\n  PDF = {https://hal.archives-ouvertes.fr/hal-00121202/file/Note.pdf},\n  HAL_ID = {hal-00121202},\n  HAL_VERSION = {v1},\n}\n"},{"label_bibtex":"@article{bennis:hal-00365479,\n  TITLE = {{Numerical modeling of buoyant turbulent mixing layers}},\n  AUTHOR = {Bennis, Anne-Claire and Chacon-Rebollo, Tomas and Gomez, Marmol Macarena and Lewandowski, Roger},\n  URL = {https://hal.archives-ouvertes.fr/hal-00365479},\n  JOURNAL = {{Bolet{\\'i}n de la Sociedad Espa{\\~n}ola de Matem{\\'a}tica Aplicada}},\n  PUBLISHER = {{non pr{\\'e}cis{\\'e}}},\n  VOLUME = {42},\n  PAGES = {127-135},\n  YEAR = {2008},\n  HAL_ID = {hal-00365479},\n  HAL_VERSION = {v1},\n}\n"},{"label_bibtex":"@article{bennis:hal-00121202,\n  TITLE = {{Stability of some turbulent vertical models for the ocean mixing boundary layer}},\n  AUTHOR = {Bennis, Anne-Claire and Chacon-Rebollo, Tomas and Gomez Marmol, Macarena and Lewandowski, Roger},\n  URL = {https://hal.archives-ouvertes.fr/hal-00121202},\n  JOURNAL = {{Applied Mathematics Letters}},\n  HAL_LOCAL_REFERENCE = {2006-51},\n  PUBLISHER = {{Elsevier}},\n  VOLUME = {21},\n  NUMBER = {2},\n  PAGES = {128-133},\n  YEAR = {2008},\n  KEYWORDS = {oceanography ; turbulence models ; stability : partial differential equations},\n  PDF = {https://hal.archives-ouvertes.fr/hal-00121202/file/Note.pdf},\n  HAL_ID = {hal-00121202},\n  HAL_VERSION = {v3},\n}\n"},{"label_bibtex":"@unpublished{rouveyrol:hal-00003436,\n  TITLE = {{EURYDICE : A platform for unified access to documents}},\n  AUTHOR = {Rouveyrol, Serge and Chiaramella, Yves and Leinardi, Francesca and Janik, Joanna and Marmol, Bruno P and Silvy, Carole and Alauzun, Catherine},\n  URL = {https://hal.archives-ouvertes.fr/hal-00003436},\n  NOTE = {r{\\'e}dig{\\'e} le 14 octobre 2001},\n  YEAR = {2004},\n  MONTH = Dec,\n  KEYWORDS = {documentary ressources ; shared mode access ; documentation policy ; libraries consortium ; Digital library ; electronic document ; electronic access ; digitilization},\n  PDF = {https://hal.archives-ouvertes.fr/hal-00003436/file/article-final-Eurydice-Anglais.pdf},\n  HAL_ID = {hal-00003436},\n  HAL_VERSION = {v1},\n}\n"},{"label_bibtex":"@article{caini:hal-01262531,\n  TITLE = {{Vitamin D and melanoma and non-melanoma skin cancer risk and prognosis: a comprehensive review and meta-analysis}},\n  AUTHOR = {Caini, S. and Boniol, M. and Tosti, G. and Magi, S. and Medri, M. and Stanganelli, I. and Palli, D. and Assedi, M. and Marmol, V. D. and Gandini, S.},\n  URL = {https://hal.archives-ouvertes.fr/hal-01262531},\n  NOTE = {Caini, Saverio Boniol, Mathieu Tosti, Giulio Magi, Serena Medri, Matelda Stanganelli, Ignazio Palli, Domenico Assedi, Melania Marmol, Veronique Del Gandini, Sara eng Meta-Analysis Research Support, Non-U.S. Gov't Review England 2014/08/05 06:00 Eur J Cancer. 2014 Oct;50(15):2649-58. doi: 10.1016/j.ejca.2014.06.024. Epub 2014 Jul 30.},\n  JOURNAL = {{Eur J Cancer}},\n  VOLUME = {50},\n  NUMBER = {15},\n  PAGES = {2649-58},\n  YEAR = {2014},\n  DOI = {10.1016/j.ejca.2014.06.024},\n  KEYWORDS = {Dietary Supplements Humans Melanoma/*blood/diagnosis Prognosis Risk Assessment Risk Factors Skin Neoplasms/*blood/diagnosis Vitamin D/administration \\& dosage/*blood Vitamins/administration \\& dosage/blood Basal cell cancer Cutaneous melanoma Meta-analysis Non-melanoma skin cancer Review Risk Squamous cell cancer Vitamin D},\n  HAL_ID = {hal-01262531},\n  HAL_VERSION = {v1},\n}\n"},{"label_bibtex":"@misc{barborini:hal-01738741,\n  TITLE = {{The creation of a new type of scientific deposit: Software}},\n  AUTHOR = {Barborini, Yannick and Di Cosmo, Roberto and Dumont, Antoine R. and Gruenpeter, Morane and Marmol, Bruno P and Monteil, Alain and Sadowska, Jozefina and Zacchiroli, Stefano},\n  URL = {https://hal.inria.fr/hal-01738741},\n  NOTE = {Poster},\n  HOWPUBLISHED = {{ RDA Eleventh Plenary Meeting, Berlin, Germany}},\n  YEAR = {2018},\n  MONTH = Mar,\n  KEYWORDS = {Source Code ; Reproductibility ; Open / free software},\n  PDF = {https://hal.inria.fr/hal-01738741/file/2018-03-21-RDA-Poster.pdf},\n  HAL_ID = {hal-01738741},\n  HAL_VERSION = {v1},\n}\n"},{"label_bibtex":"@phdthesis{marmol:tel-00005806,\n  TITLE = {{Contribution to Attribute grammar  evaluation and to memory optimization on multiprocessor architectures }},\n  AUTHOR = {Marmol, Bruno P},\n  URL = {https://tel.archives-ouvertes.fr/tel-00005806},\n  NOTE = {P. Fra,chi-Zannettacci (Rapporteur) C. Roucairol (Rapporteur) M. Kuiper (Examinateur) M Jourdan (Examinateur) F. Le Berre (examinateur)},\n  SCHOOL = {{Universit{\\'e} d'Orl{\\'e}ans}},\n  YEAR = {1995},\n  MONTH = Dec,\n  KEYWORDS = {DEPENDENCE ; PROGRAM GRAPH ; GRAMMAR ; PARALLELISM ; PARALLELIZATION ; STORAGE MANAGEMENT ; I-ORDONNEE ; GRAPHE PROGRAMME ; GESTION MEMOIRE ; PARALLELISATION ; EVALUATION ; PARALLELISME ; SYSTEMES GRAMMAIRE ; AUTOMATIQUE THEORIQUE ; SCIENCES APPLIQUEES : INFORMATIQUE ; GRAMMAIRE ATTRIBUEE ; DEPENDANCE ; EVALUATEUR},\n  TYPE = {Theses},\n  PDF = {https://tel.archives-ouvertes.fr/tel-00005806/file/tel-00005806.pdf},\n  HAL_ID = {tel-00005806},\n  HAL_VERSION = {v1},\n}\n"},{"label_bibtex":"@misc{marmol:in2p3-00716787,\n  TITLE = {{Comparison of hybrid and SIDECAR ASIC measurements}},\n  AUTHOR = {Marmol, F. and Cerna, C. and Castera, A. and Ealet, A.},\n  URL = {http://hal.in2p3.fr/in2p3-00716787},\n  NOTE = {Poster},\n  HOWPUBLISHED = {{High Energy, Optical, and Infrared Detectors for Astronomy V}},\n  VOLUME = {8453},\n  PAGES = {845330},\n  YEAR = {2012},\n  MONTH = Jul,\n  DOI = {10.1117/12.926995},\n  HAL_ID = {in2p3-00716787},\n  HAL_VERSION = {v1},\n}\n"},{"label_bibtex":"@article{tellezanguiano:hal-01132948,\n  TITLE = {{Nonlinear continuous-discrete observer. Application to distillation columns}},\n  AUTHOR = {T{\\'e}llez-Anguiano, A.C and Astorga Zaragoza, Carlos Manuel and Alcorta Garcia, Efrain and Targui, Boubekeur and Quintero-Marmol, E. and Adam-Medina, M. and Olivares-Peregrino, V.-H},\n  URL = {https://hal.archives-ouvertes.fr/hal-01132948},\n  NOTE = {Accessible ici : http://www.ijicic.org/ijicic-10-09060.pdf},\n  JOURNAL = {{International Journal of Innovative Computing, Information and Control}},\n  PUBLISHER = {{ ICIC International}},\n  VOLUME = {8},\n  NUMBER = {1(B)},\n  PAGES = {pp. 763-778},\n  YEAR = {2012},\n  KEYWORDS = {Distillation column ; Nonlinear systems ; Continuous-discrete observer},\n  HAL_ID = {hal-01132948},\n  HAL_VERSION = {v1},\n}\n"},{"label_bibtex":"@article{chaconrebollo:hal-01105137,\n  TITLE = {{Numerical approximation of the Smagorinsky turbulence model applied to the primitive equations of the ocean}},\n  AUTHOR = {Chacon-Rebollo, Tomas and Hecht, Fr{\\'e}d{\\'e}ric and G{\\'o}mez Marmol, Macarena  and Orzetti, Giordano and Rubino, Samuele },\n  URL = {http://hal.upmc.fr/hal-01105137},\n  JOURNAL = {{Mathematics and Computers in Simulation}},\n  PUBLISHER = {{Elsevier}},\n  VOLUME = {99},\n  PAGES = {54-70},\n  YEAR = {2014},\n  MONTH = May,\n  KEYWORDS = {Smagorinsky turbulence model ; Primitive equations ; Finite elements ; Numerical tests ; Stability and error analysis},\n  HAL_ID = {hal-01105137},\n  HAL_VERSION = {v1},\n}\n"},{"label_bibtex":"@article{gonzalez:hal-00900431,\n  TITLE = {{In situ intestinal digestibility of dry matter and crude protein of cereal grains and rapeseed in sheep}},\n  AUTHOR = {Gonz{\\'a}lez, Javier and Far{\\'i}a-M{\\'a}rmol, Jes{\\'u}s and Matesanz, B{\\'a}rbara and Rodr{\\'i}guez, Carlos and Alvir, Mar{\\'i}a},\n  URL = {https://hal.archives-ouvertes.fr/hal-00900431},\n  JOURNAL = {{Reproduction Nutrition Development}},\n  PUBLISHER = {{EDP Sciences}},\n  VOLUME = {43},\n  NUMBER = {1},\n  PAGES = {29-40},\n  YEAR = {2003},\n  DOI = {10.1051/rnd:2003004},\n  KEYWORDS = {cereal ; rapeseed ; intestinal effective digestibility ; in situ},\n  PDF = {https://hal.archives-ouvertes.fr/hal-00900431/file/hal-00900431.pdf},\n  HAL_ID = {hal-00900431},\n  HAL_VERSION = {v1},\n}\n"},{"label_bibtex":"@article{smadja:in2p3-00724259,\n  TITLE = {{Impact of the time sampling on the noise of a H2RG(2Kx2K) Near-IR detector: comparison of SIDECARTMASIC and Hybrid readouts}},\n  AUTHOR = {Smadja, G. and Castera, A. and Cerna, C. and Chapon, A. and Ealet, A. and Marmol, F.},\n  URL = {http://hal.in2p3.fr/in2p3-00724259},\n  JOURNAL = {{Nuclear Instruments and Methods in Physics Research Section A: Accelerators, Spectrometers, Detectors and Associated Equipment}},\n  PUBLISHER = {{Elsevier}},\n  VOLUME = {694},\n  PAGES = {95-100},\n  YEAR = {2012},\n  DOI = {10.1016/j.nima.2012.07.057},\n  KEYWORDS = {Near-Infrared ; HAWAII-2RG ; SIDECAR ; Noise ; Power spectrum},\n  HAL_ID = {in2p3-00724259},\n  HAL_VERSION = {v1},\n}\n"},{"label_bibtex":"@misc{barborini:hal-01688726,\n  TITLE = {{La cr{\\'e}ation du nouveau type de d{\\'e}p{\\^o}t scientifique - Le logiciel}},\n  AUTHOR = {Barborini, Yannick and Di Cosmo, Roberto and Dumont, Antoine R. and Gruenpeter, Morane and Marmol, Bruno P and Monteil, Alain and Sadowska, Jozefina and Zacchiroli, Stefano},\n  URL = {https://hal.inria.fr/hal-01688726},\n  NOTE = {Poster},\n  HOWPUBLISHED = {{JSO 2018 - 7es journ{\\'e}es Science Ouverte Couperin : 100 % open access : initiatives pour une transition r{\\'e}ussie}},\n  YEAR = {2018},\n  MONTH = Jan,\n  KEYWORDS = {reproductibilit{\\'e} num{\\'e}rique ; pr{\\'e}servation du patrimoine logiciel ; code source ; Logiciel open source},\n  PDF = {https://hal.inria.fr/hal-01688726/file/2018-01-22-JSO2018-Poster.pdf},\n  HAL_ID = {hal-01688726},\n  HAL_VERSION = {v1},\n}\n"},{"label_bibtex":"@unpublished{bennis:hal-00125966,\n  TITLE = {{A comparison of four turbulence models with an application to the West Pacific Warm Pool}},\n  AUTHOR = {Bennis, Anne-Claire and G{\\'o}mez Marmol, Macarena and Lewandowski, Roger and Chacon-Rebollo, Tomas and Brossier, Fran{\\c c}oise},\n  URL = {https://hal.archives-ouvertes.fr/hal-00125966},\n  NOTE = {working paper or preprint},\n  YEAR = {2007},\n  MONTH = Jan,\n  KEYWORDS = {equations aux d{\\'e}riv{\\'e}es partielles ; turbulence ; m{\\'e}canique des fluides},\n  PDF = {https://hal.archives-ouvertes.fr/hal-00125966/file/article_1.pdf},\n  HAL_ID = {hal-00125966},\n  HAL_VERSION = {v2},\n}\n"},{"label_bibtex":"@unpublished{bennis:hal-00125966,\n  TITLE = {{A comparison of four turbulence models with an application to the West Pacific Warm Pool}},\n  AUTHOR = {Bennis, Anne-Claire and G{\\'o}mez Marmol, Macarena and Lewandowski, Roger and Chacon-Rebollo, Tomas and Brossier, Fran{\\c c}oise},\n  URL = {https://hal.archives-ouvertes.fr/hal-00125966},\n  NOTE = {working paper or preprint},\n  YEAR = {2007},\n  MONTH = Mar,\n  KEYWORDS = {equations aux d{\\'e}riv{\\'e}es partielles ; turbulence ; m{\\'e}canique des fluides},\n  PDF = {https://hal.archives-ouvertes.fr/hal-00125966/file/article_4.pdf},\n  HAL_ID = {hal-00125966},\n  HAL_VERSION = {v4},\n}\n"},{"label_bibtex":"@unpublished{bennis:hal-00125966,\n  TITLE = {{A comparison of four turbulence models with an application to the West Pacific Warm Pool}},\n  AUTHOR = {Bennis, Anne-Claire and G{\\'o}mez Marmol, Macarena and Lewandowski, Roger and Chacon-Rebollo, Tomas and Brossier, Fran{\\c c}oise},\n  URL = {https://hal.archives-ouvertes.fr/hal-00125966},\n  NOTE = {working paper or preprint},\n  YEAR = {2007},\n  MONTH = Mar,\n  KEYWORDS = {equations aux d{\\'e}riv{\\'e}es partielles ; turbulence ; m{\\'e}canique des fluides},\n  PDF = {https://hal.archives-ouvertes.fr/hal-00125966/file/article_4.pdf},\n  HAL_ID = {hal-00125966},\n  HAL_VERSION = {v5},\n}\n"},{"label_bibtex":"@unpublished{bennis:hal-00125966,\n  TITLE = {{A comparison of four turbulence models with an application to the West Pacific Warm Pool}},\n  AUTHOR = {Bennis, Anne-Claire and G{\\'o}mez Marmol, Macarena and Lewandowski, Roger and Chacon-Rebollo, Tomas and Brossier, Fran{\\c c}oise},\n  URL = {https://hal.archives-ouvertes.fr/hal-00125966},\n  NOTE = {working paper or preprint},\n  YEAR = {2007},\n  MONTH = Jan,\n  KEYWORDS = {equations aux d{\\'e}riv{\\'e}es partielles ; turbulence ; m{\\'e}canique des fluides},\n  PDF = {https://hal.archives-ouvertes.fr/hal-00125966/file/article_1.pdf},\n  HAL_ID = {hal-00125966},\n  HAL_VERSION = {v1},\n}\n"}]}}
